
@book{benkler2006wealth,
  title={The wealth of networks: How social production transforms markets and freedom},
  author={Benkler, Yochai},
  page={60},
  year={2006},
  publisher={Yale University Press}
}


@article{VonKrogh2007,
author = {Von Krogh, Georg and Spaeth, Sebastian},
doi = {10.1016/j.jsis.2007.06.001},
issn = {09638687},
journal = {The Journal of Strategic Information Systems},
keywords = {innovation,interdisciplinary research,open source software},
number = {3},
pages = {236-253},
title = {The open source software phenomenon: Characteristics that promote research},
url = {http://linkinghub.elsevier.com/retrieve/pii/S096386870700025X},
volume = {16},
year = {2007}
}

@book{hine2000virtual,
  title={Virtual ethnography},
  author={Hine, Christine},
  year={2000},
  publisher={Sage},
  pages = {8--13}
}

@article{Uden2007,
author = {Uden, Lorna and Damiani, Ernesto and Gianini, Gabriele and Ceravolo, Paolo},
doi = {10.1109/DEST.2007.371974},
file = {:home/drozas/Dropbox/papers\_mendeley/04233708.pdf:pdf},
isbn = {1-4244-0467-3},
journal = {2007 Inaugural IEEE-IES Digital EcoSystems and Technologies Conference},
keywords = {CHAT,OSS,activity theory,application},
mendeley-groups = {Sociology/Activity Theory},
mendeley-tags = {CHAT,OSS,activity theory,application},
month = feb,
pages = {223--228},
publisher = {Ieee},
title = {{Activity Theory for OSS Ecosystems}},
url = {http://ieeexplore.ieee.org/lpdocs/epic03/wrapper.htm?arnumber=4233708},
year = {2007}
}

@book{engestrom1987learning,
  title={Learning by expanding. An activity-theoretical approach to developmental research},
  author={Engestr{\"o}m, Yrj{\"o}},
  year={1987},
  publisher={Orienta-Konsultit Oy}
}
